<?xml version="1.0" encoding="UTF-8"?>
<record>
  <leader>00896nam#a2200277#c#4500</leader>
  <controlfield tag="005">20230209225443.0</controlfield>
  <controlfield tag="007">tu</controlfield>
  <controlfield tag="008">980105|1964####it############|||#|#####c</controlfield>
  <controlfield tag="003">DE-605</controlfield>
  <controlfield tag="001">990030574430206441</controlfield>
  <datafield tag="016" ind1="7" ind2=" ">
    <subfield code="a">1071256649</subfield>
    <subfield code="2">OCoLC</subfield>
  </datafield>
  <datafield tag="035" ind1=" " ind2=" ">
    <subfield code="a">(DE-605)HT007847893</subfield>
  </datafield>
  <datafield tag="040" ind1=" " ind2=" ">
    <subfield code="a">HBZ/Off</subfield>
    <subfield code="b">ger</subfield>
    <subfield code="e">rakwb</subfield>
  </datafield>
  <datafield tag="044" ind1=" " ind2=" ">
    <subfield code="c">XA-IT</subfield>
  </datafield>
  <datafield tag="100" ind1="0" ind2=" ">
    <subfield code="a">Bacchylides</subfield>
    <subfield code="d">v516-v451</subfield>
    <subfield code="0">(DE-588)118506080</subfield>
    <subfield code="4">aut</subfield>
  </datafield>
  <datafield tag="240" ind1="1" ind2="0">
    <subfield code="a">Carmina</subfield>
  </datafield>
  <datafield tag="245" ind1="1" ind2="0">
    <subfield code="a">Epinici di &lt;&lt;Bacchilide e Pindaro&gt;&gt;</subfield>
    <subfield code="c">testi per uso accademico. A cura di F[rancesco] Sbordone</subfield>
  </datafield>
  <datafield tag="264" ind1=" " ind2="1">
    <subfield code="a">Napoli</subfield>
    <subfield code="b">Libreria scientif. ed.</subfield>
    <subfield code="c">[1964]</subfield>
  </datafield>
  <datafield tag="300" ind1=" " ind2=" ">
    <subfield code="a">93 S. ; 8-o</subfield>
  </datafield>
  <datafield tag="035" ind1=" " ind2=" ">
    <subfield code="a">(OCoLC)1071256649</subfield>
  </datafield>
  <datafield tag="960" ind1="1" ind2=" ">
    <subfield code="o">retro</subfield>
  </datafield>
  <datafield tag="964" ind1="0" ind2="s">
    <subfield code="F">030</subfield>
    <subfield code="A">e|1uc||||||17</subfield>
  </datafield>
  <datafield tag="964" ind1="0" ind2="s">
    <subfield code="F">050</subfield>
    <subfield code="A">a|||||||||||||</subfield>
  </datafield>
  <datafield tag="964" ind1="0" ind2="s">
    <subfield code="F">051</subfield>
    <subfield code="A">m|||||||</subfield>
  </datafield>
  <datafield tag="700" ind1="0" ind2=" ">
    <subfield code="a">Pindarus</subfield>
    <subfield code="d">ca. 522 oder 518 v. Chr.-446 v. Chr.</subfield>
    <subfield code="0">(DE-588)118594427</subfield>
    <subfield code="4">aut</subfield>
  </datafield>
  <datafield tag="700" ind1="1" ind2=" ">
    <subfield code="a">Sbordone, Francesco</subfield>
    <subfield code="d">1911-1983</subfield>
    <subfield code="0">(DE-588)121807878</subfield>
    <subfield code="4">oth</subfield>
  </datafield>
  <datafield tag="MBD" ind1=" " ind2=" ">
    <subfield code="M">49HBZ_NETWORK</subfield>
    <subfield code="i">990030574430206441</subfield>
    <subfield code="n">HBZ Network</subfield>
  </datafield>
  <datafield tag="MNG" ind1=" " ind2=" ">
    <subfield code="c">System</subfield>
    <subfield code="f">ILS</subfield>
    <subfield code="i">marc21</subfield>
    <subfield code="k">01</subfield>
    <subfield code="e">false</subfield>
    <subfield code="d">2023-02-09 22:54:43 Europe/Berlin</subfield>
    <subfield code="g">003057443-HBZ01</subfield>
    <subfield code="j">60</subfield>
    <subfield code="a">import</subfield>
    <subfield code="b">2021-04-05 07:50:59 Europe/Berlin</subfield>
  </datafield>
</record>
